@manual{vsftpd,
Author = {Vsftpd},
Title = {Servidor FTP para sistemas Unix},
Year = {2015},
Url = {https://security.appspot.com/vsftpd.html}
}

@manual{instalacaovsftpd,
Author = {Etel Sverdlov},
Title = {How To Set Up vsftpd on Ubuntu 12.04},
Year = {2012},
Url = {https://www.digitalocean.com/community/tutorials/how-to-set-up-vsftpd-on-ubuntu-12-04}
}

@manual{instalacaowireshark,
Author = {Wireshark},
Title = {Installing from debâ€™s under Debian, Ubuntu and other Debian derivatives},
Year = {2015},
Url = {https://www.wireshark.org/docs/wsug_html_chunked/ChBuildInstallUnixInstallBins.html}
}
